<?xml version="1.0" encoding="UTF-8"?><collection xmlns="http://www.loc.gov/MARC21/slim"><record><leader>00492nam--2200133-i-4500</leader><controlfield tag="001">000007892</controlfield><controlfield tag="002">20161230</controlfield><controlfield tag="005">20170306183046</controlfield><controlfield tag="008">060222s1000------------r-----000-0-eng-d</controlfield><datafield ind1=" " ind2=" " tag="245"><subfield code="a">European miniature electronic components and assembiels data 1965-66. Including six language glossaries of electronic component and microelectronics terms. Part.I: Germany and Italy</subfield></datafield><datafield ind1=" " ind2=" " tag="260"><subfield code="a">Oxford</subfield><subfield code="b">Pergamon Press</subfield><subfield code="c">1965</subfield></datafield><datafield ind1=" " ind2=" " tag="300"><subfield code="a">1193 p</subfield></datafield><datafield ind1=" " ind2=" " tag="700"><subfield code="a">Robertson, Mackenzie J</subfield></datafield><datafield ind1=" " ind2=" " tag="CAT"><subfield code="a">SYS</subfield><subfield code="c">20170306</subfield><subfield code="h">183046</subfield></datafield></record></collection>